@misc{e-in-style,
    title = {e-in-style},
    author = {Charlie Brayton and Mohit Patel and Andrew Selvia and Dylan Zhang},
    year = {2020},
    note = {\url{https://github.com/AndrewSelviaSJSU/e-in-style}}
}
@misc{pytorch-generative-model-collections,
    title = {AndrewSelviaSJSU/pytorch-generative-model-collections},
    author = {Charlie Brayton and Mohit Patel and Andrew Selvia and Dylan Zhang},
    year = {2020},
    note = {\url{https://github.com/AndrewSelviaSJSU/pytorch-generative-model-collections}}
}
@misc{original-pytorch-generative-model-collections,
    title = {pytorch-generative-model-collections},
    author = {Hyeonwoo Kang},
    year = {2018},
    note = {\url{https://github.com/znxlwm/pytorch-generative-model-collections}}
}
@misc{tensorflow-generative-model-collections,
    title = {tensorflow-generative-model-collections},
    author = {hwalsuklee},
    year = {2017},
    note = {\url{https://github.com/hwalsuklee/tensorflow-generative-model-collections}}
}
@misc{goodfellow2014generative,
    title={Generative Adversarial Networks},
    author={Ian J. Goodfellow and Jean Pouget-Abadie and Mehdi Mirza and Bing Xu and David Warde-Farley and Sherjil Ozair and Aaron Courville and Yoshua Bengio},
    year={2014},
    eprint={1406.2661},
    archivePrefix={arXiv},
    primaryClass={stat.ML},
    url = {https://arxiv.org/abs/1406.2661}
}
@misc{mao2017squares,
    title={Least Squares Generative Adversarial Networks},
    author={Xudong Mao and Qing Li and Haoran Xie and Raymond Y. K. Lau and Zhen Wang and Stephen Paul Smolley},
    year={2017},
    eprint={1611.04076},
    archivePrefix={arXiv},
    primaryClass={cs.CV},
    url = {https://arxiv.org/abs/1611.04076}
}
@misc{arjovsky2017wasserstein,
    title={Wasserstein GAN},
    author={Martin Arjovsky and Soumith Chintala and LÃ©on Bottou},
    year={2017},
    eprint={1701.07875},
    archivePrefix={arXiv},
    primaryClass={stat.ML},
    url = {https://arxiv.org/abs/1701.07875}
}
@misc{gulrajani2017improved,
    title={Improved Training of Wasserstein GANs},
    author={Ishaan Gulrajani and Faruk Ahmed and Martin Arjovsky and Vincent Dumoulin and Aaron Courville},
    year={2017},
    eprint={1704.00028},
    archivePrefix={arXiv},
    primaryClass={cs.LG},
    url = {https://arxiv.org/abs/1704.00028}
}
@misc{kodali2017convergence,
    title={On Convergence and Stability of GANs},
    author={Naveen Kodali and Jacob Abernethy and James Hays and Zsolt Kira},
    year={2017},
    eprint={1705.07215},
    archivePrefix={arXiv},
    primaryClass={cs.AI},
    url = {https://arxiv.org/abs/1705.07215}
}
@misc{mirza2014conditional,
    title={Conditional Generative Adversarial Nets},
    author={Mehdi Mirza and Simon Osindero},
    year={2014},
    eprint={1411.1784},
    archivePrefix={arXiv},
    primaryClass={cs.LG},
    url = {https://arxiv.org/abs/1411.1784}
}
@misc{chen2016infogan,
    title={InfoGAN: Interpretable Representation Learning by Information Maximizing Generative Adversarial Nets},
    author={Xi Chen and Yan Duan and Rein Houthooft and John Schulman and Ilya Sutskever and Pieter Abbeel},
    year={2016},
    eprint={1606.03657},
    archivePrefix={arXiv},
    primaryClass={cs.LG},
    url = {https://arxiv.org/abs/1606.03657}
}
@misc{odena2017conditional,
    title={Conditional Image Synthesis With Auxiliary Classifier GANs},
    author={Augustus Odena and Christopher Olah and Jonathon Shlens},
    year={2017},
    eprint={1610.09585},
    archivePrefix={arXiv},
    primaryClass={stat.ML},
    url = {https://arxiv.org/abs/1610.09585}
}
@misc{zhao2017energybased,
    title={Energy-based Generative Adversarial Network},
    author={Junbo Zhao and Michael Mathieu and Yann LeCun},
    year={2017},
    eprint={1609.03126},
    archivePrefix={arXiv},
    primaryClass={cs.LG},
    url = {https://arxiv.org/abs/1609.03126}
}
@misc{berthelot2017began,
    title={BEGAN: Boundary Equilibrium Generative Adversarial Networks},
    author={David Berthelot and Thomas Schumm and Luke Metz},
    year={2017},
    eprint={1703.10717},
    archivePrefix={arXiv},
    primaryClass={cs.LG},
    url = {https://arxiv.org/abs/1703.10717}
}
@misc{adversarialexamples,
    title={Explaining and Harnessing Adversarial Examples},
    author={Ian J. Goodfellow and Jonathon Shlens and Christian Szegedy},
    year={2014},
    eprint={1412.6572},
    archivePrefix={arXiv},
    primaryClass={stat.ML},
    url = {https://arxiv.org/abs/1412.6572}
}
@misc{coloringimages,
    title={Getting started with generative adversarial networks (GAN)},
    author={Wouter Bulten},
    year={2017},
    archivePrefix={arXiv},
    primaryClass={cs.LG},
    url = {https://www.wouterbulten.nl/blog/tech/getting-started-with-generative-adversarial-networks/}
}
@misc{initexploration,
    title={Exploring Fashion MNIST},
    author={Stwind},
    archivePrefix={arXiv},
    primaryClass={cs.LG},
    url = {https://observablehq.com/@stwind/exploring-fashion-mnist}
}
@misc{dcgans,
    title={Deep Convolutional Generative Adversarial Networks},
    archivePrefix={arXiv},
    primaryClass={cs.LG},
    url = {https://gluon.mxnet.io/chapter14_generative-adversarial-networks/dcgan.html}
}
